@book{knuth1998art,
  title={The Art of Computer Programming: Sorting and Searching, volume 3},
  author={Knuth, Donald E},
  year={1998},
  publisher={Addison-Wesley Professional}
}

@article{eppinger1983empirical,
    title={An empirical study of insertion and deletion in binary search trees},
    author={Eppinger, Jeffrey L},
    journal={Communications of the ACM},
    volume={26},
    number={9},
    pages={663--669},
    year={1983},
    publisher={ACM New York, NY, USA}
}

@book{knott1975deletion,
    title={Deletion in binary storage trees.},
    author={Knott, Gary Don},
    year={1975},
    publisher={Stanford University}
}
@article{culberson1990analysis,
  title={Analysis of the standard deletion algorithms in exact fit domain binary search trees},
  author={Culberson, Joseph and Munro, J Ian},
  journal={Algorithmica},
  volume={5},
  pages={295--311},
  year={1990},
  publisher={Springer}
}

@article{jonassen1978trivial,
  title={A trivial algorithm whose analysis isn't},
  author={Jonassen, Arne T and Knuth, Donald E},
  journal={Journal of computer and system sciences},
  volume={16},
  number={3},
  pages={301--322},
  year={1978},
  publisher={Elsevier}
}

@article{knuth1977deletions,
  title={Deletions that preserve randomness},
  author={Knuth, Donald Ervin},
  journal={IEEE Transactions on Software Engineering},
  number={5},
  pages={351--359},
  year={1977},
  publisher={IEEE}
}
