@article{galler1964improved,
  title={An improved equivalence algorithm},
  author={Galler, Bernard A and Fisher, Michael J},
  journal={Communications of the ACM},
  volume={7},
  number={5},
  pages={301--303},
  year={1964},
  publisher={ACM New York, NY, USA}
}
